
@article{mesnil:2015,
	AUTHOR		= 	"G. Mesnil and Y. Dauphin and K. Yao and Y. Bengio and L. Deng and D. Hakkani-Tur and X. He and L. Heck and G. Tur and D. Yu, G. Zweig",
	TITLE		=	"Using Recurrent Neural Networks for Slot Filling in Spoken Language Understanding",
	YEAR		=	"2015",
	MONTH		=	"March",
	JOURNAL		=	"IEEE/ACM Transactions on Audio, Speech, and Language Processing",
	VOLUME		=	"23",
	NUMBER		=	"3",
	PAGES		=	"530-539"
}

@INPROCEEDINGS{mesnil:2013,
	AUTHOR		= 	"G. Mesnil and X. He and L. Deng and Y. Bengio",
	TITLE		=	"Investigation of Recurrent-Neural-Network Architectures and Learning Methods for Spoken Language Understanding",
	YEAR		=	"2013",
	MONTH		=	"January",
	PUBLISHER	=	"Proc. Interspeech",
	PAGES		= 	"3771-3775"
}

@INPROCEEDINGS{goo:2018,
	AUTHOR		=	"C.-W. Goo and G. Gao and Y.-K. Hsu and C.-L. Huo and T.-C. Chen and K.-W. Hsu and Y.-N. Chen",
	TITLE		=	"Slot-Gated Modeling for Joint Slot Filling and Intent Prediction",
	YEAR		=	"2018",
	MONTH		=	"June",
	BOOKTITLE	=	"Proceedings of the 16th Annual Conference of the North American Chapter of the Association for Computational Linguistics: Human Language Technologies",
	PAGES		=	"753-757"
}

@INPROCEEDINGS{raymond:2007,
	AUTHOR		=	"C. Raymond and G. Riccardi",
	TITLE		=	"Generative and discriminative algorithms for spoken language understanding",
	BOOKTITLE	=	"Proceedings of the Eigth Annual Conference of the International Speech Communication Association",
	YEAR		=	"2007"
}

@article{zhai:2017,
	AUTHOR		= 	"F. Zhai and S. Potdar and B. Xiang and B. Zhou",
	TITLE 		= 	"Neural Models for Sequence Chunking",
	YEAR 		= 	"2017",
	MONTH 		= 	"January"
}

@ARTICLE{kurata:2016,
  	AUTHOR   	= 	"G. Kurata and B. Xiang and B. Zhou and M. Yu",
  	TITLE     	= 	"Leveraging Sentence-level Information with Encoder {LSTM} for Natural Language Understanding",
  	JOURNAL   	= 	"CoRR",
  	VOLUME    	= 	"abs/1601.01530",
  	YEAR      	= 	"2016"
}

@INPROCEEDINGS{zhang:2016,
 	AUTHOR 		= 	"X. Zhang and H. Wang",
 	TITLE 		= 	"A Joint Model of Intent Determination and Slot Filling for Spoken Language Understanding",
 	BOOKTITLE 	= 	"Proceedings of the Twenty-Fifth International Joint Conference on Artificial Intelligence",
 	SERIES 		= 	"IJCAI'16",
 	YEAR 		= 	"2016",
 	LOCATION 	= 	"New York, USA",
 	PAGES 		= 	"2993-2999",
 	PUBLISHER 	= 	"AAAI Press"
}


@INPROCEEDINGS{yao:2013,
	AUTHOR 		= 	"K. Yao and G. Zweig and M.-Y. Hwang and Y. Shi and D. Yu",
	TITLE 		= 	"Recurrent Neural Networks for Language Understanding",
	YEAR 		= 	"2013",
	MONTH 		= 	"August",
	PUBLISHER 	= 	"Interspeech"
}

@ARTICLE{bengio:1994,
	AUTHOR		=	"Y. Bengio and P. Simard and P. Frasconi",
	TITLE		=	"Learning Long-Term Dependencies with Gradient Descent is Difficult",
	JOURNAL		=	"IEEE Transactions on Neural Networks",
	VOLUME		=	"5",
	NUMBER		=	"2",
	PAGES		=	"157-166",
	YEAR		=	"1994"
}

@ARTICLE{yang:2016,
  	AUTHOR    	= 	"X. Yang and Y.-N. Chen and D. Hakkani-TÃ¼r and P. Crook and X. Li and J. Gao and L. Deng",
  	TITLE     	= 	"End-to-End Joint Learning of Natural Language Understanding and Dialogue Manager",
  	JOURNAL   	= 	"CoRR",
  	YEAR      	= 	"2016"
}

@INPROCEEDINGS{ravuri:2015,
	AUTHOR	 	= 	"S. Ravuri and A. Stolcke",
	TITLE		=	"Recurrent Neural Network and LSTM Models for Lexical Utterance Classification",
	BOOKTITLE 	= 	"Proc. Interspeech",
	YEAR 		= 	"2015",
	MONTH		= 	"September",
	PUBLISHER	= 	"International Speech Communication Association",
	PAGES 		= 	"135-139"
}

@INPROCEEDINGS{kim:2014,
	AUTHOR		=	"Y. Kim",
	TITLE		=	"Convolutional Neural Networks for Sentence Classification",
	BOOKTITLE	=	"Proceedings of the 2014 Conference on Empirical Methods in Natural Language Processing",
	YEAR		=	"2014",
	MONTH		=	"Oktober",
	PAGES		=	"1746-1751"
}

@INPROCEEDINGS{vinyals:2015,
	AUTHOR		=	"O. Vinyals and M. Fortuanto and N. Jaitly",
	TITLE		=	"Pointer Networks",
	BOOKTITLE	=	"Advances in Neural Information Processing Systems 28",
	YEAR		=	"2015",
	MONTH		=	"September",
	PAGES		=	"2692-2700"
}


@INPROCEEDINGS{hemphill:1990,
	AUTHOR		=	"C. T. Hemphill and J. J. Godfrey and G. R. Doddington",
 	TITLE		= 	"The ATIS Spoken Language Systems Pilot Corpus",
	BOOKTITLE 	= 	"Proceedings of the Workshop on Speech and Natural Language",
 	SERIES 		= 	"HLT '90",
 	YEAR 		= 	"1990",
 	PAGES 		= 	"96-101",
 	PUBLISHER	= 	"Association for Computational Linguistics"
} 

@INPROCEEDINGS{liu:2013a,
	AUTHOR		=	"J. Liu and P. Pasupat and S. Cyphers and J. Glass",
	TITLE		=	"Asgard: A portable architecture for multilingual dialogue systems",
	BOOKTITLE	=	"Proc. ICASSP",
	PAGES		=	"8386-8390",
	YEAR		=	"2013"
}

@INPROCEEDINGS{liu:2013b,
	AUTHOR		=	"J. Liu and P. Pasupat and Y. Wang and S. Cyphers and J. Glass",
	TITLE		=	"Query understanding enhanced by hierarchical parsing structures",
	BOOKTITLE	=	"Proc. ASRU",
	PAGES		=	"72-77",
	YEAR		=	"2013"
}

@BOOK{rijsbergen:1979,
	AUTHOR		=	"J. van Rijsbergen",
	TITLE		=	"Information Retrieval",
	YEAR		=	"1979",
	PUBLISHER	=	"Butterworth"
}